<?xml version="1.0" encoding="UTF-8"?><collection xmlns="http://www.loc.gov/MARC21/slim"><record><leader>00390nam--2200145-i-4500</leader><controlfield tag="001">000040435</controlfield><controlfield tag="002">20161230</controlfield><controlfield tag="005">20161230201042</controlfield><controlfield tag="008">060222s1000------------r-----000-0-eng-d</controlfield><datafield ind1=" " ind2=" " tag="040"><subfield code="a">IFIN-HH</subfield></datafield><datafield ind1=" " ind2=" " tag="100"><subfield code="a">Scarborough,James B</subfield></datafield><datafield ind1=" " ind2=" " tag="245"><subfield code="a">Numerical mathematical analysis</subfield></datafield><datafield ind1=" " ind2=" " tag="260"><subfield code="a">BALTIMORE, JOHN HOPKINS PRESS, 1955. XIX + 554 p</subfield></datafield><datafield ind1=" " ind2=" " tag="852"><subfield code="a">11170</subfield><subfield code="c">518.12</subfield></datafield><datafield ind1=" " ind2=" " tag="CAT"><subfield code="a">Sys</subfield><subfield code="c">20090618</subfield><subfield code="h">091544</subfield></datafield></record></collection>